%YAML 1.1
%TAG !u! tag:unity3d.com,2011:
--- !u!1 &2493410876452359190
GameObject:
  m_ObjectHideFlags: 0
  m_CorrespondingSourceObject: {fileID: 0}
  m_PrefabInstance: {fileID: 0}
  m_PrefabAsset: {fileID: 0}
  serializedVersion: 6
  m_Component:
  - component: {fileID: 2493410876452359194}
  - component: {fileID: 2493410876452359189}
  - component: {fileID: 2493410876452359188}
  - component: {fileID: 2493410876452359191}
  - component: {fileID: 2493410876452359195}
  m_Layer: 0
  m_Name: ColorChanger
  m_TagString: Untagged
  m_Icon: {fileID: 0}
  m_NavMeshLayer: 0
  m_StaticEditorFlags: 0
  m_IsActive: 1
--- !u!4 &2493410876452359194
Transform:
  m_ObjectHideFlags: 0
  m_CorrespondingSourceObject: {fileID: 0}
  m_PrefabInstance: {fileID: 0}
  m_PrefabAsset: {fileID: 0}
  m_GameObject: {fileID: 2493410876452359190}
  m_LocalRotation: {x: 0, y: 0, z: 0, w: 1}
  m_LocalPosition: {x: 0, y: 0.041, z: -11.132}
  m_LocalScale: {x: 3.9163, y: 0.010719445, z: 0.19822195}
  m_Children:
  - {fileID: 582543798}
  - {fileID: 1986127063714224732}
  - {fileID: 7960679027398292742}
  m_Father: {fileID: 0}
  m_RootOrder: 0
  m_LocalEulerAnglesHint: {x: 0, y: 0, z: 0}
--- !u!33 &2493410876452359189
MeshFilter:
  m_ObjectHideFlags: 0
  m_CorrespondingSourceObject: {fileID: 0}
  m_PrefabInstance: {fileID: 0}
  m_PrefabAsset: {fileID: 0}
  m_GameObject: {fileID: 2493410876452359190}
  m_Mesh: {fileID: 10202, guid: 0000000000000000e000000000000000, type: 0}
--- !u!23 &2493410876452359188
MeshRenderer:
  m_ObjectHideFlags: 0
  m_CorrespondingSourceObject: {fileID: 0}
  m_PrefabInstance: {fileID: 0}
  m_PrefabAsset: {fileID: 0}
  m_GameObject: {fileID: 2493410876452359190}
  m_Enabled: 1
  m_CastShadows: 1
  m_ReceiveShadows: 1
  m_DynamicOccludee: 1
  m_MotionVectors: 1
  m_LightProbeUsage: 1
  m_ReflectionProbeUsage: 1
  m_RenderingLayerMask: 1
  m_RendererPriority: 0
  m_Materials:
  - {fileID: 2100000, guid: afa596fab10b6474dab15385efe07e85, type: 2}
  m_StaticBatchInfo:
    firstSubMesh: 0
    subMeshCount: 0
  m_StaticBatchRoot: {fileID: 0}
  m_ProbeAnchor: {fileID: 0}
  m_LightProbeVolumeOverride: {fileID: 0}
  m_ScaleInLightmap: 1
  m_ReceiveGI: 1
  m_PreserveUVs: 0
  m_IgnoreNormalsForChartDetection: 0
  m_ImportantGI: 0
  m_StitchLightmapSeams: 1
  m_SelectedEditorRenderState: 3
  m_MinimumChartSize: 4
  m_AutoUVMaxDistance: 0.5
  m_AutoUVMaxAngle: 89
  m_LightmapParameters: {fileID: 0}
  m_SortingLayerID: 0
  m_SortingLayer: 0
  m_SortingOrder: 0
--- !u!65 &2493410876452359191
BoxCollider:
  m_ObjectHideFlags: 0
  m_CorrespondingSourceObject: {fileID: 0}
  m_PrefabInstance: {fileID: 0}
  m_PrefabAsset: {fileID: 0}
  m_GameObject: {fileID: 2493410876452359190}
  m_Material: {fileID: 0}
  m_IsTrigger: 1
  m_Enabled: 1
  serializedVersion: 2
  m_Size: {x: 1, y: 795.63, z: 1}
  m_Center: {x: 0, y: 327.1, z: 0}
--- !u!114 &2493410876452359195
MonoBehaviour:
  m_ObjectHideFlags: 0
  m_CorrespondingSourceObject: {fileID: 0}
  m_PrefabInstance: {fileID: 0}
  m_PrefabAsset: {fileID: 0}
  m_GameObject: {fileID: 2493410876452359190}
  m_Enabled: 1
  m_EditorHideFlags: 0
  m_Script: {fileID: 11500000, guid: ae38f29475f74004fbd80127c515eb99, type: 3}
  m_Name: 
  m_EditorClassIdentifier: 
  rollingBallBlue: []
  rollingBallGreen: []
  rollingBallOrange: []
  touchedBlue: []
  touchedGreen: []
  touchedOrange: []
  myMeshRenderer: {fileID: 0}
  myCol: {fileID: 0}
  matBlue: {fileID: 2100000, guid: 22415aac5d984c748b382a461862877e, type: 2}
  matGreen: {fileID: 2100000, guid: 6e96c0f67ae0447478720796038c396a, type: 2}
  matOrange: {fileID: 2100000, guid: bd4667ddb43775d48a1d657d29fa0e07, type: 2}
  playerBlue: {fileID: 2100000, guid: c41e6fcc479088b49a0d23a2aa66aacb, type: 2}
  playerGreen: {fileID: 2100000, guid: 97d264506531751418db7e97452339b7, type: 2}
  playerOrange: {fileID: 2100000, guid: ef44f09f599f0594885fcb9920c393b7, type: 2}
  CCBlue: 0
  CCGreen: 1
  CCOrange: 0
--- !u!1001 &582904290
PrefabInstance:
  m_ObjectHideFlags: 0
  serializedVersion: 2
  m_Modification:
    m_TransformParent: {fileID: 2493410876452359194}
    m_Modifications:
    - target: {fileID: 186012, guid: dff0fd5524b08754e9e2b68478c827b3, type: 3}
      propertyPath: m_Name
      value: ZoneGreen
      objectReference: {fileID: 0}
    - target: {fileID: 186012, guid: dff0fd5524b08754e9e2b68478c827b3, type: 3}
      propertyPath: m_IsActive
      value: 0
      objectReference: {fileID: 0}
    - target: {fileID: 426068, guid: dff0fd5524b08754e9e2b68478c827b3, type: 3}
      propertyPath: m_LocalPosition.x
      value: 0
      objectReference: {fileID: 0}
    - target: {fileID: 426068, guid: dff0fd5524b08754e9e2b68478c827b3, type: 3}
      propertyPath: m_LocalPosition.y
      value: -3.8248253
      objectReference: {fileID: 0}
    - target: {fileID: 426068, guid: dff0fd5524b08754e9e2b68478c827b3, type: 3}
      propertyPath: m_LocalPosition.z
      value: -0.41872346
      objectReference: {fileID: 0}
    - target: {fileID: 426068, guid: dff0fd5524b08754e9e2b68478c827b3, type: 3}
      propertyPath: m_LocalRotation.x
      value: -0.7071068
      objectReference: {fileID: 0}
    - target: {fileID: 426068, guid: dff0fd5524b08754e9e2b68478c827b3, type: 3}
      propertyPath: m_LocalRotation.y
      value: -0
      objectReference: {fileID: 0}
    - target: {fileID: 426068, guid: dff0fd5524b08754e9e2b68478c827b3, type: 3}
      propertyPath: m_LocalRotation.z
      value: -0
      objectReference: {fileID: 0}
    - target: {fileID: 426068, guid: dff0fd5524b08754e9e2b68478c827b3, type: 3}
      propertyPath: m_LocalRotation.w
      value: 0.7071068
      objectReference: {fileID: 0}
    - target: {fileID: 426068, guid: dff0fd5524b08754e9e2b68478c827b3, type: 3}
      propertyPath: m_RootOrder
      value: 0
      objectReference: {fileID: 0}
    - target: {fileID: 426068, guid: dff0fd5524b08754e9e2b68478c827b3, type: 3}
      propertyPath: m_LocalEulerAnglesHint.x
      value: -90
      objectReference: {fileID: 0}
    - target: {fileID: 426068, guid: dff0fd5524b08754e9e2b68478c827b3, type: 3}
      propertyPath: m_LocalEulerAnglesHint.y
      value: 0
      objectReference: {fileID: 0}
    - target: {fileID: 426068, guid: dff0fd5524b08754e9e2b68478c827b3, type: 3}
      propertyPath: m_LocalEulerAnglesHint.z
      value: 0
      objectReference: {fileID: 0}
    - target: {fileID: 426068, guid: dff0fd5524b08754e9e2b68478c827b3, type: 3}
      propertyPath: m_LocalScale.x
      value: 1.027577
      objectReference: {fileID: 0}
    - target: {fileID: 426068, guid: dff0fd5524b08754e9e2b68478c827b3, type: 3}
      propertyPath: m_LocalScale.y
      value: 5.0448523
      objectReference: {fileID: 0}
    - target: {fileID: 426068, guid: dff0fd5524b08754e9e2b68478c827b3, type: 3}
      propertyPath: m_LocalScale.z
      value: 93.28846
      objectReference: {fileID: 0}
    - target: {fileID: 19852780, guid: dff0fd5524b08754e9e2b68478c827b3, type: 3}
      propertyPath: InitialModule.startColor.maxColor.a
      value: 0.20392157
      objectReference: {fileID: 0}
    - target: {fileID: 19852780, guid: dff0fd5524b08754e9e2b68478c827b3, type: 3}
      propertyPath: EmissionModule.rateOverTime.scalar
      value: 6.66
      objectReference: {fileID: 0}
    m_RemovedComponents: []
  m_SourcePrefab: {fileID: 100100000, guid: dff0fd5524b08754e9e2b68478c827b3, type: 3}
--- !u!4 &582543798 stripped
Transform:
  m_CorrespondingSourceObject: {fileID: 426068, guid: dff0fd5524b08754e9e2b68478c827b3,
    type: 3}
  m_PrefabInstance: {fileID: 582904290}
  m_PrefabAsset: {fileID: 0}
--- !u!1001 &1986127063714585096
PrefabInstance:
  m_ObjectHideFlags: 0
  serializedVersion: 2
  m_Modification:
    m_TransformParent: {fileID: 2493410876452359194}
    m_Modifications:
    - target: {fileID: 186012, guid: dff0fd5524b08754e9e2b68478c827b3, type: 3}
      propertyPath: m_Name
      value: ZoneBlue
      objectReference: {fileID: 0}
    - target: {fileID: 186012, guid: dff0fd5524b08754e9e2b68478c827b3, type: 3}
      propertyPath: m_IsActive
      value: 0
      objectReference: {fileID: 0}
    - target: {fileID: 426068, guid: dff0fd5524b08754e9e2b68478c827b3, type: 3}
      propertyPath: m_LocalPosition.x
      value: 0
      objectReference: {fileID: 0}
    - target: {fileID: 426068, guid: dff0fd5524b08754e9e2b68478c827b3, type: 3}
      propertyPath: m_LocalPosition.y
      value: -3.8248253
      objectReference: {fileID: 0}
    - target: {fileID: 426068, guid: dff0fd5524b08754e9e2b68478c827b3, type: 3}
      propertyPath: m_LocalPosition.z
      value: -0.41872346
      objectReference: {fileID: 0}
    - target: {fileID: 426068, guid: dff0fd5524b08754e9e2b68478c827b3, type: 3}
      propertyPath: m_LocalRotation.x
      value: -0.7071068
      objectReference: {fileID: 0}
    - target: {fileID: 426068, guid: dff0fd5524b08754e9e2b68478c827b3, type: 3}
      propertyPath: m_LocalRotation.y
      value: -0
      objectReference: {fileID: 0}
    - target: {fileID: 426068, guid: dff0fd5524b08754e9e2b68478c827b3, type: 3}
      propertyPath: m_LocalRotation.z
      value: -0
      objectReference: {fileID: 0}
    - target: {fileID: 426068, guid: dff0fd5524b08754e9e2b68478c827b3, type: 3}
      propertyPath: m_LocalRotation.w
      value: 0.7071068
      objectReference: {fileID: 0}
    - target: {fileID: 426068, guid: dff0fd5524b08754e9e2b68478c827b3, type: 3}
      propertyPath: m_RootOrder
      value: 1
      objectReference: {fileID: 0}
    - target: {fileID: 426068, guid: dff0fd5524b08754e9e2b68478c827b3, type: 3}
      propertyPath: m_LocalEulerAnglesHint.x
      value: -90
      objectReference: {fileID: 0}
    - target: {fileID: 426068, guid: dff0fd5524b08754e9e2b68478c827b3, type: 3}
      propertyPath: m_LocalEulerAnglesHint.y
      value: 0
      objectReference: {fileID: 0}
    - target: {fileID: 426068, guid: dff0fd5524b08754e9e2b68478c827b3, type: 3}
      propertyPath: m_LocalEulerAnglesHint.z
      value: 0
      objectReference: {fileID: 0}
    - target: {fileID: 426068, guid: dff0fd5524b08754e9e2b68478c827b3, type: 3}
      propertyPath: m_LocalScale.x
      value: 1.027577
      objectReference: {fileID: 0}
    - target: {fileID: 426068, guid: dff0fd5524b08754e9e2b68478c827b3, type: 3}
      propertyPath: m_LocalScale.y
      value: 5.0448523
      objectReference: {fileID: 0}
    - target: {fileID: 426068, guid: dff0fd5524b08754e9e2b68478c827b3, type: 3}
      propertyPath: m_LocalScale.z
      value: 93.28846
      objectReference: {fileID: 0}
    - target: {fileID: 19852780, guid: dff0fd5524b08754e9e2b68478c827b3, type: 3}
      propertyPath: InitialModule.startColor.maxColor.a
      value: 0.45490196
      objectReference: {fileID: 0}
    - target: {fileID: 19852780, guid: dff0fd5524b08754e9e2b68478c827b3, type: 3}
      propertyPath: EmissionModule.rateOverTime.scalar
      value: 6.66
      objectReference: {fileID: 0}
    - target: {fileID: 19852780, guid: dff0fd5524b08754e9e2b68478c827b3, type: 3}
      propertyPath: InitialModule.startColor.maxColor.r
      value: 0
      objectReference: {fileID: 0}
    - target: {fileID: 19852780, guid: dff0fd5524b08754e9e2b68478c827b3, type: 3}
      propertyPath: InitialModule.startColor.maxColor.g
      value: 0.47384676
      objectReference: {fileID: 0}
    - target: {fileID: 19852780, guid: dff0fd5524b08754e9e2b68478c827b3, type: 3}
      propertyPath: InitialModule.startColor.maxColor.b
      value: 0.8962264
      objectReference: {fileID: 0}
    - target: {fileID: 19853942, guid: dff0fd5524b08754e9e2b68478c827b3, type: 3}
      propertyPath: InitialModule.startColor.maxColor.r
      value: 0.003921569
      objectReference: {fileID: 0}
    - target: {fileID: 19853942, guid: dff0fd5524b08754e9e2b68478c827b3, type: 3}
      propertyPath: InitialModule.startColor.maxColor.g
      value: 0.39215687
      objectReference: {fileID: 0}
    - target: {fileID: 19853942, guid: dff0fd5524b08754e9e2b68478c827b3, type: 3}
      propertyPath: InitialModule.startColor.maxColor.b
      value: 0.73333335
      objectReference: {fileID: 0}
    m_RemovedComponents: []
  m_SourcePrefab: {fileID: 100100000, guid: dff0fd5524b08754e9e2b68478c827b3, type: 3}
--- !u!4 &1986127063714224732 stripped
Transform:
  m_CorrespondingSourceObject: {fileID: 426068, guid: dff0fd5524b08754e9e2b68478c827b3,
    type: 3}
  m_PrefabInstance: {fileID: 1986127063714585096}
  m_PrefabAsset: {fileID: 0}
--- !u!1001 &7960679027398456658
PrefabInstance:
  m_ObjectHideFlags: 0
  serializedVersion: 2
  m_Modification:
    m_TransformParent: {fileID: 2493410876452359194}
    m_Modifications:
    - target: {fileID: 186012, guid: dff0fd5524b08754e9e2b68478c827b3, type: 3}
      propertyPath: m_Name
      value: ZoneOrange
      objectReference: {fileID: 0}
    - target: {fileID: 186012, guid: dff0fd5524b08754e9e2b68478c827b3, type: 3}
      propertyPath: m_IsActive
      value: 1
      objectReference: {fileID: 0}
    - target: {fileID: 426068, guid: dff0fd5524b08754e9e2b68478c827b3, type: 3}
      propertyPath: m_LocalPosition.x
      value: 0
      objectReference: {fileID: 0}
    - target: {fileID: 426068, guid: dff0fd5524b08754e9e2b68478c827b3, type: 3}
      propertyPath: m_LocalPosition.y
      value: -3.8248253
      objectReference: {fileID: 0}
    - target: {fileID: 426068, guid: dff0fd5524b08754e9e2b68478c827b3, type: 3}
      propertyPath: m_LocalPosition.z
      value: -0.41872346
      objectReference: {fileID: 0}
    - target: {fileID: 426068, guid: dff0fd5524b08754e9e2b68478c827b3, type: 3}
      propertyPath: m_LocalRotation.x
      value: -0.7071068
      objectReference: {fileID: 0}
    - target: {fileID: 426068, guid: dff0fd5524b08754e9e2b68478c827b3, type: 3}
      propertyPath: m_LocalRotation.y
      value: -0
      objectReference: {fileID: 0}
    - target: {fileID: 426068, guid: dff0fd5524b08754e9e2b68478c827b3, type: 3}
      propertyPath: m_LocalRotation.z
      value: -0
      objectReference: {fileID: 0}
    - target: {fileID: 426068, guid: dff0fd5524b08754e9e2b68478c827b3, type: 3}
      propertyPath: m_LocalRotation.w
      value: 0.7071068
      objectReference: {fileID: 0}
    - target: {fileID: 426068, guid: dff0fd5524b08754e9e2b68478c827b3, type: 3}
      propertyPath: m_RootOrder
      value: 2
      objectReference: {fileID: 0}
    - target: {fileID: 426068, guid: dff0fd5524b08754e9e2b68478c827b3, type: 3}
      propertyPath: m_LocalEulerAnglesHint.x
      value: -90
      objectReference: {fileID: 0}
    - target: {fileID: 426068, guid: dff0fd5524b08754e9e2b68478c827b3, type: 3}
      propertyPath: m_LocalEulerAnglesHint.y
      value: 0
      objectReference: {fileID: 0}
    - target: {fileID: 426068, guid: dff0fd5524b08754e9e2b68478c827b3, type: 3}
      propertyPath: m_LocalEulerAnglesHint.z
      value: 0
      objectReference: {fileID: 0}
    - target: {fileID: 426068, guid: dff0fd5524b08754e9e2b68478c827b3, type: 3}
      propertyPath: m_LocalScale.x
      value: 1.027577
      objectReference: {fileID: 0}
    - target: {fileID: 426068, guid: dff0fd5524b08754e9e2b68478c827b3, type: 3}
      propertyPath: m_LocalScale.y
      value: 5.0448523
      objectReference: {fileID: 0}
    - target: {fileID: 426068, guid: dff0fd5524b08754e9e2b68478c827b3, type: 3}
      propertyPath: m_LocalScale.z
      value: 93.28846
      objectReference: {fileID: 0}
    - target: {fileID: 19852780, guid: dff0fd5524b08754e9e2b68478c827b3, type: 3}
      propertyPath: InitialModule.startColor.maxColor.a
      value: 0.19607843
      objectReference: {fileID: 0}
    - target: {fileID: 19852780, guid: dff0fd5524b08754e9e2b68478c827b3, type: 3}
      propertyPath: EmissionModule.rateOverTime.scalar
      value: 6.66
      objectReference: {fileID: 0}
    - target: {fileID: 19852780, guid: dff0fd5524b08754e9e2b68478c827b3, type: 3}
      propertyPath: InitialModule.startColor.maxColor.r
      value: 0.91764706
      objectReference: {fileID: 0}
    - target: {fileID: 19852780, guid: dff0fd5524b08754e9e2b68478c827b3, type: 3}
      propertyPath: InitialModule.startColor.maxColor.g
      value: 0.6026717
      objectReference: {fileID: 0}
    - target: {fileID: 19852780, guid: dff0fd5524b08754e9e2b68478c827b3, type: 3}
      propertyPath: InitialModule.startColor.maxColor.b
      value: 0.20392156
      objectReference: {fileID: 0}
    - target: {fileID: 19853942, guid: dff0fd5524b08754e9e2b68478c827b3, type: 3}
      propertyPath: InitialModule.startColor.maxColor.r
      value: 0.8745099
      objectReference: {fileID: 0}
    - target: {fileID: 19853942, guid: dff0fd5524b08754e9e2b68478c827b3, type: 3}
      propertyPath: InitialModule.startColor.maxColor.g
      value: 0.40000004
      objectReference: {fileID: 0}
    - target: {fileID: 19853942, guid: dff0fd5524b08754e9e2b68478c827b3, type: 3}
      propertyPath: InitialModule.startColor.maxColor.b
      value: 0.1764706
      objectReference: {fileID: 0}
    m_RemovedComponents: []
  m_SourcePrefab: {fileID: 100100000, guid: dff0fd5524b08754e9e2b68478c827b3, type: 3}
--- !u!4 &7960679027398292742 stripped
Transform:
  m_CorrespondingSourceObject: {fileID: 426068, guid: dff0fd5524b08754e9e2b68478c827b3,
    type: 3}
  m_PrefabInstance: {fileID: 7960679027398456658}
  m_PrefabAsset: {fileID: 0}
