%YAML 1.1
%TAG !u! tag:unity3d.com,2011:
--- !u!1 &1097256612848395278
GameObject:
  m_ObjectHideFlags: 0
  m_CorrespondingSourceObject: {fileID: 0}
  m_PrefabInstance: {fileID: 0}
  m_PrefabAsset: {fileID: 0}
  serializedVersion: 6
  m_Component:
  - component: {fileID: 1087195314504472225}
  - component: {fileID: 292305474931628124}
  - component: {fileID: 7163565252785159542}
  - component: {fileID: 6826531525963429042}
  - component: {fileID: 6841683987221085352}
  - component: {fileID: 1742318136}
  - component: {fileID: 692814826}
  - component: {fileID: 5012458672358323761}
  m_Layer: 0
  m_Name: RB_Blue
  m_TagString: Ball_Blue
  m_Icon: {fileID: 0}
  m_NavMeshLayer: 0
  m_StaticEditorFlags: 0
  m_IsActive: 1
--- !u!4 &1087195314504472225
Transform:
  m_ObjectHideFlags: 0
  m_CorrespondingSourceObject: {fileID: 0}
  m_PrefabInstance: {fileID: 0}
  m_PrefabAsset: {fileID: 0}
  m_GameObject: {fileID: 1097256612848395278}
  m_LocalRotation: {x: 0, y: 0, z: 0, w: 1}
  m_LocalPosition: {x: 0.046, y: 0.56, z: -14.176}
  m_LocalScale: {x: 0.5, y: 0.5, z: 0.5}
  m_Children:
  - {fileID: 4202777606345984734}
  m_Father: {fileID: 0}
  m_RootOrder: 0
  m_LocalEulerAnglesHint: {x: 0, y: 0, z: 0}
--- !u!33 &292305474931628124
MeshFilter:
  m_ObjectHideFlags: 0
  m_CorrespondingSourceObject: {fileID: 0}
  m_PrefabInstance: {fileID: 0}
  m_PrefabAsset: {fileID: 0}
  m_GameObject: {fileID: 1097256612848395278}
  m_Mesh: {fileID: 10207, guid: 0000000000000000e000000000000000, type: 0}
--- !u!23 &7163565252785159542
MeshRenderer:
  m_ObjectHideFlags: 0
  m_CorrespondingSourceObject: {fileID: 0}
  m_PrefabInstance: {fileID: 0}
  m_PrefabAsset: {fileID: 0}
  m_GameObject: {fileID: 1097256612848395278}
  m_Enabled: 0
  m_CastShadows: 1
  m_ReceiveShadows: 1
  m_DynamicOccludee: 1
  m_MotionVectors: 1
  m_LightProbeUsage: 1
  m_ReflectionProbeUsage: 1
  m_RenderingLayerMask: 1
  m_RendererPriority: 0
  m_Materials:
  - {fileID: 2100000, guid: caa922161c197cf4e97d24d4eed9eae5, type: 2}
  m_StaticBatchInfo:
    firstSubMesh: 0
    subMeshCount: 0
  m_StaticBatchRoot: {fileID: 0}
  m_ProbeAnchor: {fileID: 0}
  m_LightProbeVolumeOverride: {fileID: 0}
  m_ScaleInLightmap: 1
  m_ReceiveGI: 1
  m_PreserveUVs: 0
  m_IgnoreNormalsForChartDetection: 0
  m_ImportantGI: 0
  m_StitchLightmapSeams: 1
  m_SelectedEditorRenderState: 3
  m_MinimumChartSize: 4
  m_AutoUVMaxDistance: 0.5
  m_AutoUVMaxAngle: 89
  m_LightmapParameters: {fileID: 0}
  m_SortingLayerID: 0
  m_SortingLayer: 0
  m_SortingOrder: 0
--- !u!135 &6826531525963429042
SphereCollider:
  m_ObjectHideFlags: 0
  m_CorrespondingSourceObject: {fileID: 0}
  m_PrefabInstance: {fileID: 0}
  m_PrefabAsset: {fileID: 0}
  m_GameObject: {fileID: 1097256612848395278}
  m_Material: {fileID: 0}
  m_IsTrigger: 0
  m_Enabled: 1
  serializedVersion: 2
  m_Radius: 0.5
  m_Center: {x: 0, y: 0, z: 0}
--- !u!54 &6841683987221085352
Rigidbody:
  m_ObjectHideFlags: 0
  m_CorrespondingSourceObject: {fileID: 0}
  m_PrefabInstance: {fileID: 0}
  m_PrefabAsset: {fileID: 0}
  m_GameObject: {fileID: 1097256612848395278}
  serializedVersion: 2
  m_Mass: 1
  m_Drag: 0
  m_AngularDrag: 0.05
  m_UseGravity: 1
  m_IsKinematic: 0
  m_Interpolate: 0
  m_Constraints: 0
  m_CollisionDetection: 0
--- !u!114 &1742318136
MonoBehaviour:
  m_ObjectHideFlags: 0
  m_CorrespondingSourceObject: {fileID: 0}
  m_PrefabInstance: {fileID: 0}
  m_PrefabAsset: {fileID: 0}
  m_GameObject: {fileID: 1097256612848395278}
  m_Enabled: 1
  m_EditorHideFlags: 0
  m_Script: {fileID: 11500000, guid: 63c28dd69dfda384f9833448ee722b4b, type: 3}
  m_Name: 
  m_EditorClassIdentifier: 
  ballBlue: {fileID: 2100000, guid: caa922161c197cf4e97d24d4eed9eae5, type: 2}
  ballGreen: {fileID: 2100000, guid: 9bc43efa61b065347962fedcd7740e55, type: 2}
  ballOrange: {fileID: 2100000, guid: 8492feb84cb71a7478825ece9f11d7af, type: 2}
  myTriggerCol: {fileID: 5012458672358323761}
  playerCol: {fileID: 0}
  player: {fileID: 0}
  childBasket: {fileID: 4640966849612452057}
  childPool: {fileID: 8116839138038075333}
  childTennis: {fileID: 2674238764862479190}
  myNumber: 0
  abc: 0
  timer: 0
  lerpRatio: 1.2
  k: 1
  amIBlue: 1
  amIOrange: 0
  amIGreen: 0
  followPlayer: 0
  myRb: {fileID: 0}
--- !u!95 &692814826
Animator:
  serializedVersion: 3
  m_ObjectHideFlags: 0
  m_CorrespondingSourceObject: {fileID: 0}
  m_PrefabInstance: {fileID: 0}
  m_PrefabAsset: {fileID: 0}
  m_GameObject: {fileID: 1097256612848395278}
  m_Enabled: 0
  m_Avatar: {fileID: 0}
  m_Controller: {fileID: 9100000, guid: 1f65a1ddb8526d84ab33c61308a60bfd, type: 2}
  m_CullingMode: 0
  m_UpdateMode: 0
  m_ApplyRootMotion: 0
  m_LinearVelocityBlending: 0
  m_WarningMessage: 
  m_HasTransformHierarchy: 1
  m_AllowConstantClipSamplingOptimization: 1
  m_KeepAnimatorControllerStateOnDisable: 0
--- !u!135 &5012458672358323761
SphereCollider:
  m_ObjectHideFlags: 0
  m_CorrespondingSourceObject: {fileID: 0}
  m_PrefabInstance: {fileID: 0}
  m_PrefabAsset: {fileID: 0}
  m_GameObject: {fileID: 1097256612848395278}
  m_Material: {fileID: 0}
  m_IsTrigger: 1
  m_Enabled: 1
  serializedVersion: 2
  m_Radius: 0.5
  m_Center: {x: 0, y: 0, z: 0}
--- !u!1001 &9148615078985485367
PrefabInstance:
  m_ObjectHideFlags: 0
  serializedVersion: 2
  m_Modification:
    m_TransformParent: {fileID: 1087195314504472225}
    m_Modifications:
    - target: {fileID: 1032070614896673778, guid: 587ee66bed4ddc643ae325268a1af859,
        type: 3}
      propertyPath: m_IsActive
      value: 1
      objectReference: {fileID: 0}
    - target: {fileID: 4512165044749196526, guid: 587ee66bed4ddc643ae325268a1af859,
        type: 3}
      propertyPath: m_IsActive
      value: 0
      objectReference: {fileID: 0}
    - target: {fileID: 4946407072008652521, guid: 587ee66bed4ddc643ae325268a1af859,
        type: 3}
      propertyPath: m_LocalPosition.x
      value: 0
      objectReference: {fileID: 0}
    - target: {fileID: 4946407072008652521, guid: 587ee66bed4ddc643ae325268a1af859,
        type: 3}
      propertyPath: m_LocalPosition.y
      value: 0
      objectReference: {fileID: 0}
    - target: {fileID: 4946407072008652521, guid: 587ee66bed4ddc643ae325268a1af859,
        type: 3}
      propertyPath: m_LocalPosition.z
      value: 0
      objectReference: {fileID: 0}
    - target: {fileID: 4946407072008652521, guid: 587ee66bed4ddc643ae325268a1af859,
        type: 3}
      propertyPath: m_LocalRotation.x
      value: 0
      objectReference: {fileID: 0}
    - target: {fileID: 4946407072008652521, guid: 587ee66bed4ddc643ae325268a1af859,
        type: 3}
      propertyPath: m_LocalRotation.y
      value: 0.7071068
      objectReference: {fileID: 0}
    - target: {fileID: 4946407072008652521, guid: 587ee66bed4ddc643ae325268a1af859,
        type: 3}
      propertyPath: m_LocalRotation.z
      value: 0
      objectReference: {fileID: 0}
    - target: {fileID: 4946407072008652521, guid: 587ee66bed4ddc643ae325268a1af859,
        type: 3}
      propertyPath: m_LocalRotation.w
      value: 0.7071068
      objectReference: {fileID: 0}
    - target: {fileID: 4946407072008652521, guid: 587ee66bed4ddc643ae325268a1af859,
        type: 3}
      propertyPath: m_RootOrder
      value: 0
      objectReference: {fileID: 0}
    - target: {fileID: 4946407072008652521, guid: 587ee66bed4ddc643ae325268a1af859,
        type: 3}
      propertyPath: m_LocalEulerAnglesHint.x
      value: 0
      objectReference: {fileID: 0}
    - target: {fileID: 4946407072008652521, guid: 587ee66bed4ddc643ae325268a1af859,
        type: 3}
      propertyPath: m_LocalEulerAnglesHint.y
      value: 90
      objectReference: {fileID: 0}
    - target: {fileID: 4946407072008652521, guid: 587ee66bed4ddc643ae325268a1af859,
        type: 3}
      propertyPath: m_LocalEulerAnglesHint.z
      value: 0
      objectReference: {fileID: 0}
    - target: {fileID: 4946407072008652521, guid: 587ee66bed4ddc643ae325268a1af859,
        type: 3}
      propertyPath: m_LocalScale.x
      value: 66.12065
      objectReference: {fileID: 0}
    - target: {fileID: 4946407072008652521, guid: 587ee66bed4ddc643ae325268a1af859,
        type: 3}
      propertyPath: m_LocalScale.y
      value: 66.12065
      objectReference: {fileID: 0}
    - target: {fileID: 4946407072008652521, guid: 587ee66bed4ddc643ae325268a1af859,
        type: 3}
      propertyPath: m_LocalScale.z
      value: 66.12065
      objectReference: {fileID: 0}
    - target: {fileID: 6623287679561979745, guid: 587ee66bed4ddc643ae325268a1af859,
        type: 3}
      propertyPath: m_IsActive
      value: 0
      objectReference: {fileID: 0}
    - target: {fileID: 8286186665271670010, guid: 587ee66bed4ddc643ae325268a1af859,
        type: 3}
      propertyPath: m_Name
      value: PoolBall
      objectReference: {fileID: 0}
    - target: {fileID: 8286186665271670010, guid: 587ee66bed4ddc643ae325268a1af859,
        type: 3}
      propertyPath: m_IsActive
      value: 1
      objectReference: {fileID: 0}
    m_RemovedComponents: []
  m_SourcePrefab: {fileID: 100100000, guid: 587ee66bed4ddc643ae325268a1af859, type: 3}
--- !u!4 &4202777606345984734 stripped
Transform:
  m_CorrespondingSourceObject: {fileID: 4946407072008652521, guid: 587ee66bed4ddc643ae325268a1af859,
    type: 3}
  m_PrefabInstance: {fileID: 9148615078985485367}
  m_PrefabAsset: {fileID: 0}
--- !u!1 &4640966849612452057 stripped
GameObject:
  m_CorrespondingSourceObject: {fileID: 4512165044749196526, guid: 587ee66bed4ddc643ae325268a1af859,
    type: 3}
  m_PrefabInstance: {fileID: 9148615078985485367}
  m_PrefabAsset: {fileID: 0}
--- !u!1 &8116839138038075333 stripped
GameObject:
  m_CorrespondingSourceObject: {fileID: 1032070614896673778, guid: 587ee66bed4ddc643ae325268a1af859,
    type: 3}
  m_PrefabInstance: {fileID: 9148615078985485367}
  m_PrefabAsset: {fileID: 0}
--- !u!1 &2674238764862479190 stripped
GameObject:
  m_CorrespondingSourceObject: {fileID: 6623287679561979745, guid: 587ee66bed4ddc643ae325268a1af859,
    type: 3}
  m_PrefabInstance: {fileID: 9148615078985485367}
  m_PrefabAsset: {fileID: 0}
