%YAML 1.1
%TAG !u! tag:unity3d.com,2011:
--- !u!1 &6128516363110755214
GameObject:
  m_ObjectHideFlags: 0
  m_CorrespondingSourceObject: {fileID: 0}
  m_PrefabInstance: {fileID: 0}
  m_PrefabAsset: {fileID: 0}
  serializedVersion: 6
  m_Component:
  - component: {fileID: 6128516363110755223}
  - component: {fileID: 6128516363110755208}
  - component: {fileID: 6128516363110755209}
  - component: {fileID: 6128516363110755210}
  - component: {fileID: 6128516363110755211}
  - component: {fileID: 6128516363110755212}
  - component: {fileID: 1256074026368955885}
  - component: {fileID: 141800147}
  m_Layer: 0
  m_Name: RB_Orange
  m_TagString: Ball_Orange
  m_Icon: {fileID: 0}
  m_NavMeshLayer: 0
  m_StaticEditorFlags: 0
  m_IsActive: 1
--- !u!4 &6128516363110755223
Transform:
  m_ObjectHideFlags: 0
  m_CorrespondingSourceObject: {fileID: 0}
  m_PrefabInstance: {fileID: 0}
  m_PrefabAsset: {fileID: 0}
  m_GameObject: {fileID: 6128516363110755214}
  m_LocalRotation: {x: 0, y: 0, z: 0, w: 1}
  m_LocalPosition: {x: 0, y: 0.98, z: 0}
  m_LocalScale: {x: 0.5, y: 0.5, z: 0.5}
  m_Children:
  - {fileID: 2460105081855924718}
  m_Father: {fileID: 0}
  m_RootOrder: 0
  m_LocalEulerAnglesHint: {x: 0, y: 0, z: 0}
--- !u!33 &6128516363110755208
MeshFilter:
  m_ObjectHideFlags: 0
  m_CorrespondingSourceObject: {fileID: 0}
  m_PrefabInstance: {fileID: 0}
  m_PrefabAsset: {fileID: 0}
  m_GameObject: {fileID: 6128516363110755214}
  m_Mesh: {fileID: 10207, guid: 0000000000000000e000000000000000, type: 0}
--- !u!23 &6128516363110755209
MeshRenderer:
  m_ObjectHideFlags: 0
  m_CorrespondingSourceObject: {fileID: 0}
  m_PrefabInstance: {fileID: 0}
  m_PrefabAsset: {fileID: 0}
  m_GameObject: {fileID: 6128516363110755214}
  m_Enabled: 0
  m_CastShadows: 1
  m_ReceiveShadows: 1
  m_DynamicOccludee: 1
  m_MotionVectors: 1
  m_LightProbeUsage: 1
  m_ReflectionProbeUsage: 1
  m_RenderingLayerMask: 1
  m_RendererPriority: 0
  m_Materials:
  - {fileID: 2100000, guid: 8492feb84cb71a7478825ece9f11d7af, type: 2}
  m_StaticBatchInfo:
    firstSubMesh: 0
    subMeshCount: 0
  m_StaticBatchRoot: {fileID: 0}
  m_ProbeAnchor: {fileID: 0}
  m_LightProbeVolumeOverride: {fileID: 0}
  m_ScaleInLightmap: 1
  m_ReceiveGI: 1
  m_PreserveUVs: 0
  m_IgnoreNormalsForChartDetection: 0
  m_ImportantGI: 0
  m_StitchLightmapSeams: 1
  m_SelectedEditorRenderState: 3
  m_MinimumChartSize: 4
  m_AutoUVMaxDistance: 0.5
  m_AutoUVMaxAngle: 89
  m_LightmapParameters: {fileID: 0}
  m_SortingLayerID: 0
  m_SortingLayer: 0
  m_SortingOrder: 0
--- !u!135 &6128516363110755210
SphereCollider:
  m_ObjectHideFlags: 0
  m_CorrespondingSourceObject: {fileID: 0}
  m_PrefabInstance: {fileID: 0}
  m_PrefabAsset: {fileID: 0}
  m_GameObject: {fileID: 6128516363110755214}
  m_Material: {fileID: 0}
  m_IsTrigger: 0
  m_Enabled: 1
  serializedVersion: 2
  m_Radius: 0.5
  m_Center: {x: 0, y: 0, z: 0}
--- !u!114 &6128516363110755211
MonoBehaviour:
  m_ObjectHideFlags: 0
  m_CorrespondingSourceObject: {fileID: 0}
  m_PrefabInstance: {fileID: 0}
  m_PrefabAsset: {fileID: 0}
  m_GameObject: {fileID: 6128516363110755214}
  m_Enabled: 1
  m_EditorHideFlags: 0
  m_Script: {fileID: 11500000, guid: 63c28dd69dfda384f9833448ee722b4b, type: 3}
  m_Name: 
  m_EditorClassIdentifier: 
  ballBlue: {fileID: 2100000, guid: caa922161c197cf4e97d24d4eed9eae5, type: 2}
  ballGreen: {fileID: 2100000, guid: 9bc43efa61b065347962fedcd7740e55, type: 2}
  ballOrange: {fileID: 2100000, guid: 8492feb84cb71a7478825ece9f11d7af, type: 2}
  myTriggerCol: {fileID: 1256074026368955885}
  playerCol: {fileID: 0}
  player: {fileID: 0}
  childBasket: {fileID: 6349875072888226793}
  childPool: {fileID: 7553523173709356277}
  childTennis: {fileID: 4425774555728627814}
  myNumber: 0
  abc: 0
  timer: 0
  lerpRatio: 1.2
  k: 1
  amIBlue: 0
  amIOrange: 1
  amIGreen: 0
  followPlayer: 0
  myRb: {fileID: 0}
--- !u!54 &6128516363110755212
Rigidbody:
  m_ObjectHideFlags: 0
  m_CorrespondingSourceObject: {fileID: 0}
  m_PrefabInstance: {fileID: 0}
  m_PrefabAsset: {fileID: 0}
  m_GameObject: {fileID: 6128516363110755214}
  serializedVersion: 2
  m_Mass: 1
  m_Drag: 0
  m_AngularDrag: 0.05
  m_UseGravity: 1
  m_IsKinematic: 0
  m_Interpolate: 0
  m_Constraints: 0
  m_CollisionDetection: 0
--- !u!135 &1256074026368955885
SphereCollider:
  m_ObjectHideFlags: 0
  m_CorrespondingSourceObject: {fileID: 0}
  m_PrefabInstance: {fileID: 0}
  m_PrefabAsset: {fileID: 0}
  m_GameObject: {fileID: 6128516363110755214}
  m_Material: {fileID: 0}
  m_IsTrigger: 1
  m_Enabled: 1
  serializedVersion: 2
  m_Radius: 0.5
  m_Center: {x: 0, y: 0, z: 0}
--- !u!95 &141800147
Animator:
  serializedVersion: 3
  m_ObjectHideFlags: 0
  m_CorrespondingSourceObject: {fileID: 0}
  m_PrefabInstance: {fileID: 0}
  m_PrefabAsset: {fileID: 0}
  m_GameObject: {fileID: 6128516363110755214}
  m_Enabled: 0
  m_Avatar: {fileID: 0}
  m_Controller: {fileID: 9100000, guid: 1f65a1ddb8526d84ab33c61308a60bfd, type: 2}
  m_CullingMode: 0
  m_UpdateMode: 0
  m_ApplyRootMotion: 0
  m_LinearVelocityBlending: 0
  m_WarningMessage: 
  m_HasTransformHierarchy: 1
  m_AllowConstantClipSamplingOptimization: 1
  m_KeepAnimatorControllerStateOnDisable: 0
--- !u!1001 &4425360385716847811
PrefabInstance:
  m_ObjectHideFlags: 0
  serializedVersion: 2
  m_Modification:
    m_TransformParent: {fileID: 6128516363110755223}
    m_Modifications:
    - target: {fileID: 434657058868389, guid: 9f03783b697a7d743b1af3f8069a3f7f, type: 3}
      propertyPath: m_IsActive
      value: 0
      objectReference: {fileID: 0}
    - target: {fileID: 2255746350343445805, guid: 9f03783b697a7d743b1af3f8069a3f7f,
        type: 3}
      propertyPath: m_LocalPosition.x
      value: -0.000000029633
      objectReference: {fileID: 0}
    - target: {fileID: 2255746350343445805, guid: 9f03783b697a7d743b1af3f8069a3f7f,
        type: 3}
      propertyPath: m_LocalPosition.y
      value: 0
      objectReference: {fileID: 0}
    - target: {fileID: 2255746350343445805, guid: 9f03783b697a7d743b1af3f8069a3f7f,
        type: 3}
      propertyPath: m_LocalPosition.z
      value: 0
      objectReference: {fileID: 0}
    - target: {fileID: 2255746350343445805, guid: 9f03783b697a7d743b1af3f8069a3f7f,
        type: 3}
      propertyPath: m_LocalRotation.x
      value: 0
      objectReference: {fileID: 0}
    - target: {fileID: 2255746350343445805, guid: 9f03783b697a7d743b1af3f8069a3f7f,
        type: 3}
      propertyPath: m_LocalRotation.y
      value: -0
      objectReference: {fileID: 0}
    - target: {fileID: 2255746350343445805, guid: 9f03783b697a7d743b1af3f8069a3f7f,
        type: 3}
      propertyPath: m_LocalRotation.z
      value: -0
      objectReference: {fileID: 0}
    - target: {fileID: 2255746350343445805, guid: 9f03783b697a7d743b1af3f8069a3f7f,
        type: 3}
      propertyPath: m_LocalRotation.w
      value: 1
      objectReference: {fileID: 0}
    - target: {fileID: 2255746350343445805, guid: 9f03783b697a7d743b1af3f8069a3f7f,
        type: 3}
      propertyPath: m_RootOrder
      value: 0
      objectReference: {fileID: 0}
    - target: {fileID: 2255746350343445805, guid: 9f03783b697a7d743b1af3f8069a3f7f,
        type: 3}
      propertyPath: m_LocalEulerAnglesHint.x
      value: 0
      objectReference: {fileID: 0}
    - target: {fileID: 2255746350343445805, guid: 9f03783b697a7d743b1af3f8069a3f7f,
        type: 3}
      propertyPath: m_LocalEulerAnglesHint.y
      value: 0
      objectReference: {fileID: 0}
    - target: {fileID: 2255746350343445805, guid: 9f03783b697a7d743b1af3f8069a3f7f,
        type: 3}
      propertyPath: m_LocalEulerAnglesHint.z
      value: 0
      objectReference: {fileID: 0}
    - target: {fileID: 2255746350343445805, guid: 9f03783b697a7d743b1af3f8069a3f7f,
        type: 3}
      propertyPath: m_LocalScale.x
      value: 66.29018
      objectReference: {fileID: 0}
    - target: {fileID: 2255746350343445805, guid: 9f03783b697a7d743b1af3f8069a3f7f,
        type: 3}
      propertyPath: m_LocalScale.y
      value: 66.29018
      objectReference: {fileID: 0}
    - target: {fileID: 2255746350343445805, guid: 9f03783b697a7d743b1af3f8069a3f7f,
        type: 3}
      propertyPath: m_LocalScale.z
      value: 66.29018
      objectReference: {fileID: 0}
    - target: {fileID: 2960374044623122238, guid: 9f03783b697a7d743b1af3f8069a3f7f,
        type: 3}
      propertyPath: m_Name
      value: BasketBall
      objectReference: {fileID: 0}
    m_RemovedComponents: []
  m_SourcePrefab: {fileID: 100100000, guid: 9f03783b697a7d743b1af3f8069a3f7f, type: 3}
--- !u!4 &2460105081855924718 stripped
Transform:
  m_CorrespondingSourceObject: {fileID: 2255746350343445805, guid: 9f03783b697a7d743b1af3f8069a3f7f,
    type: 3}
  m_PrefabInstance: {fileID: 4425360385716847811}
  m_PrefabAsset: {fileID: 0}
--- !u!1 &6349875072888226793 stripped
GameObject:
  m_CorrespondingSourceObject: {fileID: 7310820417036437290, guid: 9f03783b697a7d743b1af3f8069a3f7f,
    type: 3}
  m_PrefabInstance: {fileID: 4425360385716847811}
  m_PrefabAsset: {fileID: 0}
--- !u!1 &7553523173709356277 stripped
GameObject:
  m_CorrespondingSourceObject: {fileID: 6177118573452695606, guid: 9f03783b697a7d743b1af3f8069a3f7f,
    type: 3}
  m_PrefabInstance: {fileID: 4425360385716847811}
  m_PrefabAsset: {fileID: 0}
--- !u!1 &4425774555728627814 stripped
GameObject:
  m_CorrespondingSourceObject: {fileID: 434657058868389, guid: 9f03783b697a7d743b1af3f8069a3f7f,
    type: 3}
  m_PrefabInstance: {fileID: 4425360385716847811}
  m_PrefabAsset: {fileID: 0}
